%
%  An example of a bibliographical database for bibTeX
%
%  Recommended software for maintenance of *.bib files:
%    JabRef, http://jabref.sourceforge.net/
%
%  BEWARE:
%
%    *  If a name contains a capital letter, which must be kept such,
%       use curly brackets ({T}hailand, {HIV}).
%
%  ===========================================================================

@MISC{Mihov01directconstruction,
    author = {Stoyan Mihov and Denis Maurel},
    title = {Direct Construction of Minimal Acyclic Subsequential Transducers},
    year = {2001}
}

@MISC{OpengrokAuthLayer,
    author = {Kryštof Tulinger},
    title = {Authorization layer for the OpenGrok search engine},
    howpublished = "\url{https://dspace.cvut.cz/handle/10467/69684}",
    year = {2017}
}

@INPROCEEDINGS{Mohri02anefficient,
    author = {Mehryar Mohri and Michael Riley},
    title = {An Efficient Algorithm for the n-Best-Strings Problem},
    booktitle = {In Proceedings of the International Conference on Spoken Language Processing 2002 (ICSLP ’02},
    year = {2002}
}

@MISC{Bar-yossef11context-sensitivequery,
    author = {Ziv Bar-yossef and Naama Kraus},
    title = {Context-Sensitive Query Auto-Completion},
    year = {2011}
}

@BOOK{lucene_in_action,
    author = {Michael McCandless and Erik Hatcher and Otis Gospodnetic},
    title = {Lucene in Action},
    publisher = {Manning Publications},
    year = 2010,
    edition = 2,
    month = 7,
    isbn = {1-933988-17-7}
}

@misc{lmdb,
  author = {Ben Alex},
  title = {{LMDB} benchmarks},
  howpublished = {\url{https://github.com/lmdbjava/benchmarks/blob/master/results/20160710/README.md}},
  note = {Accessed: 2018-7-11}
}

@INPROCEEDINGS{Bast06output-sensitiveautocompletion,
    author = {H. Bast and Christian W. Mortensen and Ingmar Weber},
    title = {Output-sensitive autocompletion search},
    booktitle = {IN 13TH SYMPOSIUM ON STRING PROCESSING AND INFORMATION RETRIEVAL (SPIRE’06},
    year = {2006},
    pages = {150--162},
    publisher = {}
}

@INPROCEEDINGS{response_time,
    author = {R. Miller},
    title = {Response time in man-computer conversational transactions},
    booktitle = {AFIPS Fall Joint Computer Conference},
    year = {1968}
}

@INPROCEEDINGS{Chaudhuri09extendingautocompletion,
    author = {Surajit Chaudhuri and Raghav Kaushik},
    title = {Extending autocompletion to tolerate errors},
    booktitle = {In SIGMOD Conference. 707–718},
    year = {2009}
}
